<?xml version="1.0" encoding="UTF-8"?><collection xmlns="http://www.loc.gov/MARC21/slim"><record><leader>00376nam--2200133-i-4500</leader><controlfield tag="001">000046960</controlfield><controlfield tag="002">20161230</controlfield><controlfield tag="005">20161230201046</controlfield><controlfield tag="008">060222s1000------------r-----000-0-eng-d</controlfield><datafield ind1=" " ind2=" " tag="080"><subfield code="a">575</subfield></datafield><datafield ind1=" " ind2=" " tag="100"><subfield code="a">Watson, James D</subfield></datafield><datafield ind1=" " ind2=" " tag="245"><subfield code="a">The double helix. a personal account of the discovery of the structure of dna</subfield></datafield><datafield ind1=" " ind2=" " tag="260"><subfield code="a">New York, New American Library, 1968, 143p</subfield></datafield><datafield ind1=" " ind2=" " tag="852"><subfield code="a">79896</subfield></datafield></record></collection>